@BOOK{T2011,
 AUTHOR		=	"Tvrdík, Pavel",
 TITLE		=	"Parallel algorithms and Computing",
 ADDRESS	=	"Czech Technical University, Prague",
 PUBLISHER	=	"CVUT v Praze",
 YEAR		=	"2011",
 ISBN		=	"80-01-02824-0"
}

@BOOK{ARU2009,
	 AUTHOR		=	"Arulmozhi Ramarajan",
	 TITLE		=	"Statistics for Management.",
	 ADDRESS	=	"India",
	 PUBLISHER	=	"Tata McGraw-Hill Education",
	 YEAR		=	"2009",
	 ISBN		=	"007015368X, 9780070153684"
}

@BOOK{AN2011,
	 AUTHOR		=	"David Anderson, Thomas Williams, Dennis Sweeney",
	 TITLE		=	"Fundamentals of Business Statistics.",
	 ADDRESS	=	"US",
	 PUBLISHER	=	"Cengage Learning",
	 YEAR		=	"2011",
	 ISBN		=	"1111221278, 9781111221270"
}

@BOOK{SD2006,
	 AUTHOR		=	"Hari Sundaram",
	 TITLE		=	"Image and Video Retrieval: 5th Internatinoal Conference.",
	 ADDRESS	=	"US",
	 PUBLISHER	=	"Springer Science & Business Media",
	 YEAR		=	"2006",
	 ISBN		=	"3540360182"
}

@BOOK{G2014,
	 AUTHOR		=	"Gary Miner, John Elder IV, Andrew Fast, Thomas Hill, Robert Nisbet, Dursun Delen",
	 TITLE		=	"Practical Text Mining and Statistical Analysis for Non-structured Text Data Applications.",
	 ADDRESS	=	"US",
	 PUBLISHER	=	"Academic Press",
	 YEAR		=	"2012",
	 ISBN		=	"0123870119, 9780123870117"
}

@BOOK{PP2014,
	 AUTHOR		=	"J.K. Sharma",
	 TITLE		=	"Business Statistics.",
	 ADDRESS	=	"India",
	 PUBLISHER	=	"Pearson Education",
	 YEAR		=	"2007",
	 ISBN		=	"8177586548, 9788177586541"
}

@BOOK{S2014,
	 AUTHOR		=	"Erich Gamma, Richard Helm, Ralph Johnson, John Vlissides",
	 TITLE		=	"Design Patterns: Elements of Reusable Object-Oriented Software.",
	 ADDRESS	=	"N/D",
	 PUBLISHER	=	"Pearson Education",
	 YEAR		=	"1994",
	 ISBN		=	"0321700694, 9780321700698"
}

@BOOK{D2011,
 AUTHOR		=	"Dunn, James",
 TITLE		=	"Share investing for dummies",
 ADDRESS	=	"42 McDougall Street, Milton, Qld 4064, Australia",
 PUBLISHER	=	"Willey Publishing Australia Pty Ltd",
 YEAR		=	"2011",
 ISBN		=	"978 1 74246 889 1"
}

@BOOK{L2011,
 AUTHOR		=	"Liu, Bing",
 TITLE		=	"Web Data Mining",
 ADDRESS	=	"851 S. Morgan St. Chicago, IL 60607-7053, USA",
 PUBLISHER	=	"Springer Heidelberg Dordrecht London New York",
 YEAR		=	"2011",
 ISBN		=	"978-3-642-19459-7"
}

@BOOK{T2002,
 AUTHOR		=	"Turney, Peter",
 TITLE		=	"Thumbs up or thumbs down? Semantic orientation applied to unsupervised classifications of reviews.",
 ADDRESS	=	"M- 50 Montreal Road, Ottawa, Ontario, Canada",
 PUBLISHER	=	"Institute for Information Technology, National Research Council Canada",
 YEAR		=	"2002",
 ISBN		=	"N/D"
}

@BOOK{SF2008,
	 AUTHOR		=	"Brian Goetz, Tim Peierls",
	 TITLE		=	"Java concurrency in practice.",
	 ADDRESS	=	"The University of Michigan.",
	 PUBLISHER	=	"Addison-Wesley",
	 YEAR		=	"2006",
	 ISBN		=	"0321349601, 9780321349606"
}

@BOOK{L1832,
 AUTHOR	=	"Charles Jobson Lyon ",
 TITLE		=	"Analysis of the seven parts of speech of the English language.",
 ADDRESS	=	"Late of Trinity College, Cambridge.",
 PUBLISHER	=	"Oliver \& Boyd, Printers",
 YEAR		=	"1832",
 ISBN		=	"N/D"
}

@BOOK{G2009,
 AUTHOR	=	"Alexander Gelbukh",
 TITLE		=	"Computational Linguistics and Intelligent Text Processing.",
 ADDRESS	=	"Center for computing research, National Polytechnic Institute, Mexico City, 07738. Mexico.",
 PUBLISHER	=	"Springer",
 YEAR		=	"2009",
 ISBN		=	"3-642-00381-8"
}

@BOOK{G2006,
 AUTHOR	=	"Louis Goldstein, D. Whalen, Catherine Best",
 TITLE		=	"Laboratory Phonology 8",
 ADDRESS	=	"KG, D-10785, Berlin",
 PUBLISHER	=	"Walter de Gruyter",
 YEAR		=	"2006",
 ISBN		=	"978-3-11-017678-0"
}

@BOOK{N2009,
	 AUTHOR		=	"Marc Najork",
	 TITLE		=	"Encyclopedia of Database Systems",
	 ADDRESS	=	"US",
	 PUBLISHER	=	"Springer",
	 YEAR		=	"2009",
	 ISBN		=	"0387355448, 9780387355443"
}

@BOOK{P2007,
	 AUTHOR		=	"Jayesh Patel",
	 TITLE		=	"Profit From Prices",
	 ADDRESS	=	"India",
	 PUBLISHER	=	"ND",
	 YEAR		=	"2007",
	 ISBN		=	"ND"
}

@ARTICLE{TR2011,
	 AUTHOR		=	"Keith Trnka",
	 TITLE		=	"Pointwise Mutual Information",
	 ADDRESS	=	"100 Elkton Rd.",
	 PUBLISHER	=	"University of Delaware - www.eecis.udel.edu/~trnka/CISC889-11S/lectures/philip-pmi.pdf‎",
	 YEAR		=	"2011",
	 ISBN		=	"978-3-11-017678-0"
}

@ARTICLE{SCH2012,
	 AUTHOR  		= "Robert P. Schumaker, Yulei Zhang and Chun-Neng Huang",
	 TITLE   		= "Sentiment analysis of financial news articles",
	 YEAR 			= "2012",
	 HOWPUBLISHED 	= "\url{http://www.robschumaker.com/publications/IIMA%20-%20Sentiment%20Analysis%20of%20Financial%20News%20Articles.pdf}"
}

@ARTICLE{SCH2010,
	 AUTHOR  		= "Robert P. Schumaker",
	 TITLE   		= "Analyzing parts of speech and their impact on stock price",
	 YEAR 			= "2010",
	 HOWPUBLISHED 	= "\url{http://robschumaker.com/publications/IIMA%20-%20Analyzing%20Parts%20of%20Speech%20and%20their%20Impact%20on%20Stock%20Price.pdf}"
}

@ARTICLE{SCH2010-1,
	 AUTHOR  		= "Robert P. Schumaker",
	 TITLE   		= "A discrete stock srice prediction engine based on financial news",
	 YEAR 			= "2010",
	 HOWPUBLISHED 	= "\url{http://robschumaker.com/publications/IEEE%20Computer%20-%20A%20Discrete%20Stock%20Price%20Prediction%20Engine%20Based%20on%20Financial%20News.pdf}"
}

@ARTICLE{GG2001,
	 AUTHOR  		= "Gyozo Gidofalvi ",
	 TITLE   		= "Using news articles to predict stock price movements",
	 YEAR 			= "2001",
	 HOWPUBLISHED 	= "\url{http://gyozo.gidofalvi.net/docs/financial-prediction.pdf}"
}

@ARTICLE{LSL2001,
	 AUTHOR  		= "Victor Lavrenko, Matt Schmill, Dawn Lawrie, Paul Ogilvie, David Jensen, and James Allan",
	 TITLE   		= "Language models for financial news recommendation",
	 YEAR 			= "2000",
	 HOWPUBLISHED 	= "\url{ftp://ftp10.us.freebsd.org/users/azhang/disc/disc01/cd1/out/papers/cikm/p389.pdf}"
}

@ARTICLE{MM2004,
	 AUTHOR  		= "Marc-André Mittermayer",
	 TITLE   		= "Forecasting Intraday Stock Price Trends with Text Mining Techniques",
	 YEAR 			= "2004",
	 HOWPUBLISHED 	= "\url{http://staff.science.uva.nl/~jraaij/wiki/uploads/Resources/2004Mittermayer.pdf}"
}

@ARTICLE{WC1998,
	 AUTHOR  		= "B. Wuthrich, V. Cho, S. Leung, D. Permunetilleke, K. Sankaran, J. Zhang and W. Lam",
	 TITLE   		= "Daily Stock Market Forecast from Textual Web Data",
	 YEAR 			= "1998",
	 HOWPUBLISHED 	= "\url{http://www.cwu.edu/~borisk/finance/smc98.pdf}"
}

@ARTICLE{CW1991,
	 AUTHOR  		= "Camerer, Weigelt",
	 TITLE   		= "Information mirages in experimental asset markets",
	 YEAR 			= "1991",
	 HOWPUBLISHED 	= "\url{http://teaching.ust.hk/~bee/papers/040918/1991-Camerer_Wiegelt-info_mirages.pdf}"
}

@ARTICLE{A2013,
	 AUTHOR  		= "J. Alpert and N. Hajaj.",
	 TITLE   		= "We knew the web was big",
	 YEAR 			= "2013",
	 HOWPUBLISHED 	= "\url{http://googleblog.blogspot.com/2008/07/we-knew-web-was-big.html}"
}

@ARTICLE{K2013,
	 AUTHOR  		= "M. Koster.",
	 TITLE   		= "A standard for robot exclusion",
	 YEAR 			= "2013",
	 HOWPUBLISHED 	= "\url{http://www.robotstxt.org/orig.html}"
}

@ARTICLE{WWW2013,
	 AUTHOR  		= "Maurice de Kunder",
	 TITLE   		= "The size of the World Wide Web",
	 YEAR 			= "2013",
	 HOWPUBLISHED 	= "\url{http://www.worldwidewebsize.com}"
}

@ARTICLE{B1994,
	 AUTHOR  		= "P. D. Bra, G.-J. Houben, Y. Kornatzky, and R. Post.",
	 TITLE   		= "Information retrieval in distributed hypertexts.",
	 YEAR 			= "1994"
}

@ARTICLE{H1998,
	 AUTHOR  		= "M. Hersovici, M. Jacovi, Y. S. Maarek, D. Pelleg, M. Shtalhaim, and S. Ur.",
	 TITLE   		= "The shark-search algorithm. An application: tailored Web site mapping.",
	 YEAR 			= "1998"
}

@ARTICLE{F2013,
	 AUTHOR  		= "R. Feldman.",
	 TITLE   		= "Techniques and applications for sentiment analysis.",
	 YEAR 			= "2013"
}

@ARTICLE{H1997,
	 AUTHOR  		= "V. Hatzivassiloglou and K. R. McKeown.",
	 TITLE   		= "Predicting the semantic orientation of adjectives. In Proceedings of the 8th Conference on European chapter of the As- sociation for Computational Linguistics, EACL '97.",
	 YEAR 			= "1997"
}

@ARTICLE{H2004,
	 AUTHOR  		= "M. Hu and B. Liu.",
	 TITLE   		= "Mining and summarizing customer reviews. In Proceedings of the 10th ACM SIGKDD International Conference on Knowledge Discovery and Data Mining, KDD '04.",
	 YEAR 			= "2004"
}

@ARTICLE{B2007,
	 AUTHOR  		= "F. Benamara, S. Irit, C. Cesarano, N. Federico, and D. Reforgiato.",
	 TITLE   		= "Sentiment analysis: Adjectives and adverbs are better than adjectives alone. In Proceedings of International Conference on Weblogs and Social Media.",
	 YEAR 			= "2007"
}

@ARTICLE{K2004,
	 AUTHOR  		= "S.-M. Kim and E. Hovy.",
	 TITLE   		= "Determining the sentiment of opinions. In Proceedings of the 20th International Conference on Computational Linguistics, COLING '04.",
	 YEAR 			= "2004"
}

@ARTICLE{S2008,
	 AUTHOR  		= "M. Sokolova and G. Lapalme.",
	 TITLE   		= "Verbs speak loud: Verb categories in learning polarity and strength of opinions. In Proceedings of the Canadian Society for Computational Studies of Intelligence, 21st Conference on Advances in Artificial Intelligence, Canadian AI'08",
	 YEAR 			= "2008"
}

@ARTICLE{P2002,
	 AUTHOR  		= "B. Pang, L. Lee, and S. Vaithyanathan.",
	 TITLE   		= "Thumbs up? Sentiment classification using machine learning techniques. In Proceedings of ACL-02 Conference on Empirical Methods in Natural Language Processing",
	 YEAR 			= "2002"
}

@ARTICLE{B2010,
	 AUTHOR  		= "A. E. S. Baccianella and F. Sebastiani.",
	 TITLE   		= "SentiWordNet 3.0: An enhanced lexical resource for sentiment analysis and opinion mining. In Proceedings of the 7th Conference on International Language Resources and Evaluation.",
	 YEAR 			= "2010"
}

@ARTICLE{T2010,
	 AUTHOR  		= "M. Thelwall, K. Buckley, G. Paltoglou, D. Cai, and A. Kappas.",
	 TITLE   		= "Sentiment strength detection in short informal text. Journal of the American Society for Information Science and Technology.",
	 YEAR 			= "2010"
}

@ARTICLE{M1995,
	 AUTHOR  		= "G. A. Miller.",
	 TITLE   		= "WordNet: A lexical database for English. Communications of the ACM.",
	 YEAR 			= "1995"
}

@ARTICLE{TB2011,
	 AUTHOR  		= "M. Taboada, J. Brooke, M. Tofiloski, K. Voll, and M. Stede.",
	 TITLE   		= "Lexicon-based methods for sentiment analysis. Computational Linguistics.",
	 YEAR 			= "2011"
}

@ARTICLE{R2010,
	 AUTHOR  		= "Thomas A Russo and Aaron J Katzel.",
	 TITLE   		= "The 2008 Financial Crisis and its Aftermath: Confronting the Next Debt Challenge.",
	 YEAR 			= "2010"
}

@ARTICLE{P2009,
	 AUTHOR  		= "Mary Peters.",
	 TITLE   		= "What the 2008/2009 World Economic Crisis Means for Global Agricultural Trade.",
	 YEAR 			= "2009"
}

@ARTICLE{BE2012,
	 AUTHOR  		= "Benzinga Editorial",
	 TITLE   		= "Apple Now Most Valuable Company in History.",
	 YEAR 			= "2012",
	 HOWPUBLISHED 	= "\url{http://www.forbes.com/sites/benzingainsights/2012/08/21/apple-now-most-valuable-company-in-history/}"
}

@ARTICLE{AK2013,
	 AUTHOR  		= "Kristen Schweizer ",
	 TITLE   		= "Apple Overtakes Coca-Cola as World’s Most Valuable Brand.",
	 YEAR 			= "2013",
	 HOWPUBLISHED 	= "\url{http://www.bloomberg.com/news/2013-09-30/apple-overtakes-coca-cola-as-most-valuable-brand-study-finds.html}"
}

@PHDTHESIS{V2013,
	 AUTHOR  		= "Avni Gural Vural",
	 TITLE   		= "Sentiment-Focused Web crawling",
	 YEAR 			= "2013",
	 school = "Middle east technical university, Turkey"
}
